<?xml version="1.0" encoding="UTF-8"?>
<p:Document xmlns:p="urn:iso:std:iso:20022:tech:xsd:pain.008.001.05" xmlns:xsi="http://www.w3.org/2001/XMLSchema-instance" xsi:schemaLocation="urn:iso:std:iso:20022:tech:xsd:pain.008.001.05 pain.008.001.05.ISO.STP2.xsd ">
  <p:CstmrDrctDbtInitn>
    <p:GrpHdr>
      <p:MsgId>DirectDebit-Header-1475149446--1</p:MsgId>
      <p:CreDtTm>2016-09-29T12:00:00</p:CreDtTm>
      <p:Authstn>
        <p:Cd>AUTH</p:Cd>
      </p:Authstn>
      <p:NbOfTxs>1</p:NbOfTxs>
      <p:CtrlSum>5.0</p:CtrlSum>
      <p:InitgPty>
        <p:Nm>Airtel</p:Nm>
        <p:PstlAdr>
          <p:AdrTp>ADDR</p:AdrTp>
          <p:Dept>Collections</p:Dept>
          <p:SubDept>p:SubDept</p:SubDept>
          <p:BldgNb>1</p:BldgNb>
          <p:PstCd>560061</p:PstCd>
          <p:TwnNm>Bengaluru</p:TwnNm>
          <p:CtrySubDvsn>KA</p:CtrySubDvsn>
          <p:Ctry>NL</p:Ctry>
          <p:AdrLine>p:AdrLine</p:AdrLine>
        </p:PstlAdr>
        <p:Id>
          <p:PrvtId>
            <p:Othr>
              <p:Id>PTY778</p:Id>
              <p:SchmeNm>
                <p:Cd>p:Cd</p:Cd>
              </p:SchmeNm>
              <p:Issr>p:Issr</p:Issr>
            </p:Othr>
          </p:PrvtId>
        </p:Id>
        <p:CtryOfRes>NL</p:CtryOfRes>
        <p:CtctDtls>
          <p:NmPrfx>MIST</p:NmPrfx>
          <p:Nm>Sunil Bharthi</p:Nm>
          <p:PhneNb>+91-111111111111</p:PhneNb>
          <p:MobNb>+91-111111111111</p:MobNb>
          <p:FaxNb>+91-111111111111</p:FaxNb>
          <p:EmailAdr>a@b.com</p:EmailAdr>
          <p:Othr>p:Othr</p:Othr>
        </p:CtctDtls>
      </p:InitgPty>
      <p:FwdgAgt>
        <p:FinInstnId>
          <p:BICFI>AAAAAAZ9</p:BICFI>
          <p:ClrSysMmbId>
            <p:ClrSysId>
              <p:Cd>p:Cd</p:Cd>
            </p:ClrSysId>
            <p:MmbId>IN12ZZZ12345678</p:MmbId>
          </p:ClrSysMmbId>
          <p:Nm>p:Nm</p:Nm>
          <p:PstlAdr>
            <p:AdrTp>ADDR</p:AdrTp>
            <p:Dept>p:Dept</p:Dept>
            <p:SubDept>p:SubDept</p:SubDept>
            <p:StrtNm>Kingdom St</p:StrtNm>
            <p:BldgNb>1</p:BldgNb>
            <p:PstCd>560061</p:PstCd>
            <p:TwnNm>Bengaluru</p:TwnNm>
            <p:CtrySubDvsn>KA</p:CtrySubDvsn>
            <p:Ctry>NL</p:Ctry>
            <p:AdrLine>p:AdrLine</p:AdrLine>
          </p:PstlAdr>
          <p:Othr>
            <p:Id>p:Id</p:Id>
            <p:SchmeNm>
              <p:Cd>p:Cd</p:Cd>
            </p:SchmeNm>
            <p:Issr>p:Issr</p:Issr>
          </p:Othr>
        </p:FinInstnId>
        <p:BrnchId>
          <p:Id>88888888</p:Id>
          <p:Nm>SomeBank</p:Nm>
          <p:PstlAdr>
            <p:AdrTp>ADDR</p:AdrTp>
            <p:Dept>p:Dept</p:Dept>
            <p:SubDept>p:SubDept</p:SubDept>
            <p:StrtNm>Kingdom St</p:StrtNm>
            <p:BldgNb>1</p:BldgNb>
            <p:PstCd>560061</p:PstCd>
            <p:TwnNm>Bengaluru</p:TwnNm>
            <p:CtrySubDvsn>KA</p:CtrySubDvsn>
            <p:Ctry>NL</p:Ctry>
            <p:AdrLine>p:AdrLine</p:AdrLine>
          </p:PstlAdr>
        </p:BrnchId>
      </p:FwdgAgt>
    </p:GrpHdr>
    <p:PmtInf>
      <p:PmtInfId>DD-PytInfId-1475149446-1</p:PmtInfId>
      <p:PmtMtd>DD</p:PmtMtd>
      <p:BtchBookg>false</p:BtchBookg>
      <p:NbOfTxs>1</p:NbOfTxs>
      <p:CtrlSum>5.0</p:CtrlSum>
      <p:PmtTpInf>
          <p:InstrPrty>HIGH</p:InstrPrty>
          <p:SvcLvl>
            <p:Cd>SEPA</p:Cd>
          </p:SvcLvl>
          <p:LclInstrm>
            <p:Cd>CORE</p:Cd>
          </p:LclInstrm>
          <p:SeqTp>FRST</p:SeqTp>
          <p:CtgyPurp>
            <p:Cd>CORT</p:Cd>
          </p:CtgyPurp>
       </p:PmtTpInf>
      <p:ReqdColltnDt>2016-09-29</p:ReqdColltnDt>
      <p:Cdtr>
        <p:Nm>Airtel User One</p:Nm>
        <p:PstlAdr>
          <p:AdrTp>ADDR</p:AdrTp>
          <p:Dept>p:Dept</p:Dept>
          <p:SubDept>p:SubDept</p:SubDept>
          <p:StrtNm>Kingdom St</p:StrtNm>
          <p:BldgNb>1</p:BldgNb>
          <p:PstCd>560061</p:PstCd>
          <p:TwnNm>Bengaluru</p:TwnNm>
          <p:CtrySubDvsn>KA</p:CtrySubDvsn>
          <p:Ctry>NL</p:Ctry>
          <p:AdrLine>p:AdrLine</p:AdrLine>
        </p:PstlAdr>
        <p:Id>
          <p:OrgId>
            <p:AnyBIC>AAAAAAZ9</p:AnyBIC>
            <p:Othr>
              <p:Id>11111</p:Id>
              <p:SchmeNm>
                <p:Cd>p:Cd</p:Cd>
              </p:SchmeNm>
              <p:Issr>p:Issr</p:Issr>
            </p:Othr>
          </p:OrgId>
        </p:Id>
        <p:CtryOfRes>NL</p:CtryOfRes>
        <p:CtctDtls>
          <p:NmPrfx>MIST</p:NmPrfx>
          <p:Nm>Airtel User One</p:Nm>
          <p:PhneNb>+91-111111111111</p:PhneNb>
          <p:MobNb>+91-111111111111</p:MobNb>
          <p:FaxNb>+91-111111111111</p:FaxNb>
          <p:EmailAdr>a@b.com</p:EmailAdr>
          <p:Othr>p:Othr</p:Othr>
        </p:CtctDtls>
      </p:Cdtr>
      <p:CdtrAcct>
        <p:Id>
          <p:IBAN>NL39RABO0300065264</p:IBAN>
        </p:Id>
        <p:Tp>
          <p:Cd>p:Cd</p:Cd>
        </p:Tp>
        <p:Ccy>EUR</p:Ccy>
        <p:Nm>Airtel</p:Nm>
      </p:CdtrAcct>
      <p:CdtrAgt>
        <p:FinInstnId>
          <p:BICFI>SOGENL2AXXX</p:BICFI>
          <p:ClrSysMmbId>
            <p:ClrSysId>
              <p:Cd>p:Cd</p:Cd>
            </p:ClrSysId>
            <p:MmbId>p:MmbId</p:MmbId>
          </p:ClrSysMmbId>
          <p:Nm>p:Nm</p:Nm>
          <p:PstlAdr>
            <p:AdrTp>ADDR</p:AdrTp>
            <p:Dept>p:Dept</p:Dept>
            <p:SubDept>p:SubDept</p:SubDept>
            <p:StrtNm>Kingdom St</p:StrtNm>
            <p:BldgNb>1</p:BldgNb>
            <p:PstCd>560061</p:PstCd>
            <p:TwnNm>Bengaluru</p:TwnNm>
            <p:CtrySubDvsn>KA</p:CtrySubDvsn>
            <p:Ctry>NL</p:Ctry>
            <p:AdrLine>p:AdrLine</p:AdrLine>
          </p:PstlAdr>
          <p:Othr>
            <p:Id>p:Id</p:Id>
            <p:SchmeNm>
              <p:Cd>p:Cd</p:Cd>
            </p:SchmeNm>
            <p:Issr>p:Issr</p:Issr>
          </p:Othr>
        </p:FinInstnId>
        <p:BrnchId>
          <p:Id>p:Id</p:Id>
          <p:Nm>p:Nm</p:Nm>
          <p:PstlAdr>
            <p:AdrTp>ADDR</p:AdrTp>
            <p:Dept>p:Dept</p:Dept>
            <p:SubDept>p:SubDept</p:SubDept>
            <p:StrtNm>Kingdom St</p:StrtNm>
            <p:BldgNb>1</p:BldgNb>
            <p:PstCd>560061</p:PstCd>
            <p:TwnNm>Bengaluru</p:TwnNm>
            <p:CtrySubDvsn>KA</p:CtrySubDvsn>
            <p:Ctry>NL</p:Ctry>
            <p:AdrLine>p:AdrLine</p:AdrLine>
          </p:PstlAdr>
        </p:BrnchId>
      </p:CdtrAgt>
      <p:CdtrAgtAcct>
        <p:Id>
          <p:IBAN>NL39RABO0300065264</p:IBAN>
        </p:Id>
        <p:Tp>
          <p:Cd>p:Cd</p:Cd>
        </p:Tp>
        <p:Ccy>EUR</p:Ccy>
        <p:Nm>p:Nm</p:Nm>
      </p:CdtrAgtAcct>
      <p:ChrgBr>SLEV</p:ChrgBr>
      <p:ChrgsAcct>
        <p:Id>
          <p:IBAN>NL39RABO0300065264</p:IBAN>
        </p:Id>
        <p:Tp>
          <p:Cd>p:Cd</p:Cd>
        </p:Tp>
        <p:Ccy>EUR</p:Ccy>
        <p:Nm>p:Nm</p:Nm>
      </p:ChrgsAcct>
      <p:ChrgsAcctAgt>
        <p:FinInstnId>
          <p:BICFI>CCCCUS27</p:BICFI>
          <p:ClrSysMmbId>
            <p:ClrSysId>
              <p:Cd>p:Cd</p:Cd>
            </p:ClrSysId>
            <p:MmbId>p:MmbId</p:MmbId>
          </p:ClrSysMmbId>
          <p:Nm>p:Nm</p:Nm>
          <p:PstlAdr>
            <p:AdrTp>ADDR</p:AdrTp>
            <p:Dept>p:Dept</p:Dept>
            <p:SubDept>p:SubDept</p:SubDept>
            <p:StrtNm>Kingdom St</p:StrtNm>
            <p:BldgNb>1</p:BldgNb>
            <p:PstCd>560061</p:PstCd>
            <p:TwnNm>Bengaluru</p:TwnNm>
            <p:CtrySubDvsn>KA</p:CtrySubDvsn>
            <p:Ctry>NL</p:Ctry>
            <p:AdrLine>p:AdrLine</p:AdrLine>
          </p:PstlAdr>
          <p:Othr>
            <p:Id>p:Id</p:Id>
            <p:SchmeNm>
              <p:Cd>p:Cd</p:Cd>
            </p:SchmeNm>
            <p:Issr>p:Issr</p:Issr>
          </p:Othr>
        </p:FinInstnId>
        <p:BrnchId>
          <p:Id>p:Id</p:Id>
          <p:Nm>p:Nm</p:Nm>
          <p:PstlAdr>
            <p:AdrTp>ADDR</p:AdrTp>
            <p:Dept>p:Dept</p:Dept>
            <p:SubDept>p:SubDept</p:SubDept>
            <p:StrtNm>Kingdom St</p:StrtNm>
            <p:BldgNb>1</p:BldgNb>
            <p:PstCd>560061</p:PstCd>
            <p:TwnNm>Bengaluru</p:TwnNm>
            <p:CtrySubDvsn>KA</p:CtrySubDvsn>
            <p:Ctry>NL</p:Ctry>
            <p:AdrLine>p:AdrLine</p:AdrLine>
          </p:PstlAdr>
        </p:BrnchId>
      </p:ChrgsAcctAgt>
      <p:CdtrSchmeId>
            <p:Nm>Airtel</p:Nm>
            <p:PstlAdr>
              <p:AdrTp>ADDR</p:AdrTp>
              <p:Dept>p:Dept</p:Dept>
              <p:SubDept>p:SubDept</p:SubDept>
              <p:StrtNm>Kingdom St</p:StrtNm>
              <p:BldgNb>1</p:BldgNb>
              <p:PstCd>560061</p:PstCd>
              <p:TwnNm>Bengaluru</p:TwnNm>
              <p:CtrySubDvsn>KA</p:CtrySubDvsn>
              <p:Ctry>NL</p:Ctry>
              <p:AdrLine>p:AdrLine</p:AdrLine>
            </p:PstlAdr>
            <p:Id>
               <p:PrvtId>
                   <p:Othr>
                       <p:Id>SE97ZZZ1234567890</p:Id>
                       <p:SchmeNm>
                           <p:Prtry>Airtel</p:Prtry>
                       </p:SchmeNm>
                       <p:Issr>p:Issr</p:Issr>
                   </p:Othr>
               </p:PrvtId>
              <!-- <p:OrgId>
                <p:AnyBIC>AAAAAAZ9</p:AnyBIC>
                <p:Othr>
                  <p:Id>p:Id</p:Id>
                  <p:SchmeNm>
                    <p:Cd>p:Cd</p:Cd>
                  </p:SchmeNm>
                  <p:Issr>p:Issr</p:Issr>
                </p:Othr>
              </p:OrgId>
             -->
            </p:Id>
            <p:CtryOfRes>NL</p:CtryOfRes>
            <p:CtctDtls>
              <p:NmPrfx>DOCT</p:NmPrfx>
              <p:Nm>p:Nm</p:Nm>
              <p:PhneNb>+91-111111111111</p:PhneNb>
              <p:MobNb>+91-111111111111</p:MobNb>
              <p:FaxNb>+91-111111111111</p:FaxNb>
              <p:EmailAdr>a@b.com</p:EmailAdr>
              <p:Othr>p:Othr</p:Othr>
            </p:CtctDtls>
          </p:CdtrSchmeId>
	<p:DrctDbtTxInf>
        <p:PmtId>
          <p:InstrId>p:InstrId</p:InstrId>
          <p:EndToEndId>End-DirectDBT-trx-1475149446--0</p:EndToEndId>
        </p:PmtId>
        <p:InstdAmt Ccy="EUR">5.0</p:InstdAmt>
        <p:ChrgBr>SLEV</p:ChrgBr>
        <p:DrctDbtTx>
          <p:MndtRltdInf>
            <p:MndtId>123456789</p:MndtId>
            <p:DtOfSgntr>2015-05-03</p:DtOfSgntr>
            <p:AmdmntInd>true</p:AmdmntInd>
            <p:AmdmntInfDtls>
              <p:OrgnlMndtId>123456789</p:OrgnlMndtId>
              <p:OrgnlCdtrSchmeId>
                <p:Nm>p:Nm</p:Nm>
                <p:PstlAdr>
                  <p:AdrTp>ADDR</p:AdrTp>
                  <p:Dept>p:Dept</p:Dept>
                  <p:SubDept>p:SubDept</p:SubDept>
                  <p:StrtNm>Kingdom St</p:StrtNm>
                  <p:BldgNb>1</p:BldgNb>
                  <p:PstCd>560061</p:PstCd>
                  <p:TwnNm>Bengaluru</p:TwnNm>
                  <p:CtrySubDvsn>KA</p:CtrySubDvsn>
                  <p:Ctry>NL</p:Ctry>
                  <p:AdrLine>p:AdrLine</p:AdrLine>
                </p:PstlAdr>
                <p:Id>
                  <p:OrgId>
                    <p:AnyBIC>AAAAAAZ9</p:AnyBIC>
                    <p:Othr>
                      <p:Id>p:Id</p:Id>
                      <p:SchmeNm>
                        <p:Cd>p:Cd</p:Cd>
                      </p:SchmeNm>
                      <p:Issr>p:Issr</p:Issr>
                    </p:Othr>
                  </p:OrgId>
                </p:Id>
                <p:CtryOfRes>NL</p:CtryOfRes>
                <p:CtctDtls>
                  <p:NmPrfx>DOCT</p:NmPrfx>
                  <p:Nm>p:Nm</p:Nm>
                  <p:PhneNb>+91-111111111111</p:PhneNb>
                  <p:MobNb>+91-111111111111</p:MobNb>
                  <p:FaxNb>+91-111111111111</p:FaxNb>
                  <p:EmailAdr>a@b.com</p:EmailAdr>
                  <p:Othr>p:Othr</p:Othr>
                </p:CtctDtls>
              </p:OrgnlCdtrSchmeId>
              <p:OrgnlCdtrAgt>
                <p:FinInstnId>
                  <p:BICFI>CCCCUS27</p:BICFI>
                  <p:ClrSysMmbId>
                    <p:ClrSysId>
                      <p:Cd>p:Cd</p:Cd>
                    </p:ClrSysId>
                    <p:MmbId>p:MmbId</p:MmbId>
                  </p:ClrSysMmbId>
                  <p:Nm>p:Nm</p:Nm>
                  <p:PstlAdr>
                    <p:AdrTp>ADDR</p:AdrTp>
                    <p:Dept>p:Dept</p:Dept>
                    <p:SubDept>p:SubDept</p:SubDept>
                    <p:StrtNm>Kingdom St</p:StrtNm>
                    <p:BldgNb>1</p:BldgNb>
                    <p:PstCd>560061</p:PstCd>
                    <p:TwnNm>Bengaluru</p:TwnNm>
                    <p:CtrySubDvsn>KA</p:CtrySubDvsn>
                    <p:Ctry>NL</p:Ctry>
                    <p:AdrLine>p:AdrLine</p:AdrLine>
                  </p:PstlAdr>
                  <p:Othr>
                    <p:Id>p:Id</p:Id>
                    <p:SchmeNm>
                      <p:Cd>p:Cd</p:Cd>
                    </p:SchmeNm>
                    <p:Issr>p:Issr</p:Issr>
                  </p:Othr>
                </p:FinInstnId>
                <p:BrnchId>
                  <p:Id>p:Id</p:Id>
                  <p:Nm>p:Nm</p:Nm>
                  <p:PstlAdr>
                    <p:AdrTp>ADDR</p:AdrTp>
                    <p:Dept>p:Dept</p:Dept>
                    <p:SubDept>p:SubDept</p:SubDept>
                    <p:StrtNm>Kingdom St</p:StrtNm>
                    <p:BldgNb>1</p:BldgNb>
                    <p:PstCd>560061</p:PstCd>
                    <p:TwnNm>Bengaluru</p:TwnNm>
                    <p:CtrySubDvsn>KA</p:CtrySubDvsn>
                    <p:Ctry>NL</p:Ctry>
                    <p:AdrLine>p:AdrLine</p:AdrLine>
                  </p:PstlAdr>
                </p:BrnchId>
              </p:OrgnlCdtrAgt>
              <p:OrgnlCdtrAgtAcct>
                <p:Id>
                  <p:IBAN>NL39RABO0300065264</p:IBAN>
                </p:Id>
                <p:Tp>
                  <p:Cd>p:Cd</p:Cd>
                </p:Tp>
                <p:Ccy>EUR</p:Ccy>
                <p:Nm>p:Nm</p:Nm>
              </p:OrgnlCdtrAgtAcct>
              <p:OrgnlDbtr>
                <p:Nm>p:Nm</p:Nm>
                <p:PstlAdr>
                  <p:AdrTp>ADDR</p:AdrTp>
                  <p:Dept>p:Dept</p:Dept>
                  <p:SubDept>p:SubDept</p:SubDept>
                  <p:StrtNm>Kingdom St</p:StrtNm>
                  <p:BldgNb>1</p:BldgNb>
                  <p:PstCd>560061</p:PstCd>
                  <p:TwnNm>Bengaluru</p:TwnNm>
                  <p:CtrySubDvsn>KA</p:CtrySubDvsn>
                  <p:Ctry>NL</p:Ctry>
                  <p:AdrLine>p:AdrLine</p:AdrLine>
                </p:PstlAdr>
                <p:Id>
                  <p:OrgId>
                    <p:AnyBIC>AAAAAAZ9</p:AnyBIC>
                    <p:Othr>
                      <p:Id>p:Id</p:Id>
                      <p:SchmeNm>
                        <p:Cd>p:Cd</p:Cd>
                      </p:SchmeNm>
                      <p:Issr>p:Issr</p:Issr>
                    </p:Othr>
                  </p:OrgId>
                </p:Id>
                <p:CtryOfRes>NL</p:CtryOfRes>
                <p:CtctDtls>
                  <p:NmPrfx>DOCT</p:NmPrfx>
                  <p:Nm>p:Nm</p:Nm>
                  <p:PhneNb>+91-111111111111</p:PhneNb>
                  <p:MobNb>+91-111111111111</p:MobNb>
                  <p:FaxNb>+91-111111111111</p:FaxNb>
                  <p:EmailAdr>a@b.com</p:EmailAdr>
                  <p:Othr>p:Othr</p:Othr>
                </p:CtctDtls>
              </p:OrgnlDbtr>
              <p:OrgnlDbtrAcct>
                <p:Id>
                  <p:IBAN>NL39RABO0300065264</p:IBAN>
                </p:Id>
                <p:Tp>
                  <p:Cd>p:Cd</p:Cd>
                </p:Tp>
                <p:Ccy>EUR</p:Ccy>
                <p:Nm>p:Nm</p:Nm>
              </p:OrgnlDbtrAcct>
              <p:OrgnlDbtrAgt>
                <p:FinInstnId>
                  <p:BICFI>STALNL2GXXX</p:BICFI>
                  <p:ClrSysMmbId>
                    <p:ClrSysId>
                      <p:Cd>p:Cd</p:Cd>
                    </p:ClrSysId>
                    <p:MmbId>p:MmbId</p:MmbId>
                  </p:ClrSysMmbId>
                  <p:Nm>p:Nm</p:Nm>
                  <p:PstlAdr>
                    <p:AdrTp>ADDR</p:AdrTp>
                    <p:Dept>p:Dept</p:Dept>
                    <p:SubDept>p:SubDept</p:SubDept>
                    <p:StrtNm>Kingdom St</p:StrtNm>
                    <p:BldgNb>1</p:BldgNb>
                    <p:PstCd>560061</p:PstCd>
                    <p:TwnNm>Bengaluru</p:TwnNm>
                    <p:CtrySubDvsn>KA</p:CtrySubDvsn>
                    <p:Ctry>NL</p:Ctry>
                    <p:AdrLine>p:AdrLine</p:AdrLine>
                  </p:PstlAdr>
                  <p:Othr>
                    <p:Id>p:Id</p:Id>
                    <p:SchmeNm>
                      <p:Cd>p:Cd</p:Cd>
                    </p:SchmeNm>
                    <p:Issr>p:Issr</p:Issr>
                  </p:Othr>
                </p:FinInstnId>
                <p:BrnchId>
                  <p:Id>p:Id</p:Id>
                  <p:Nm>p:Nm</p:Nm>
                  <p:PstlAdr>
                    <p:AdrTp>ADDR</p:AdrTp>
                    <p:Dept>p:Dept</p:Dept>
                    <p:SubDept>p:SubDept</p:SubDept>
                    <p:StrtNm>Kingdom St</p:StrtNm>
                    <p:BldgNb>1</p:BldgNb>
                    <p:PstCd>560061</p:PstCd>
                    <p:TwnNm>Bengaluru</p:TwnNm>
                    <p:CtrySubDvsn>KA</p:CtrySubDvsn>
                    <p:Ctry>NL</p:Ctry>
                    <p:AdrLine>p:AdrLine</p:AdrLine>
                  </p:PstlAdr>
                </p:BrnchId>
              </p:OrgnlDbtrAgt>
              <p:OrgnlDbtrAgtAcct>
                <p:Id>
                  <p:IBAN>NL39RABO0300065264</p:IBAN>
                </p:Id>
                <p:Tp>
                  <p:Cd>p:Cd</p:Cd>
                </p:Tp>
                <p:Ccy>EUR</p:Ccy>
                <p:Nm>p:Nm</p:Nm>
              </p:OrgnlDbtrAgtAcct>
              <p:OrgnlFnlColltnDt>2016-09-29</p:OrgnlFnlColltnDt>
              <p:OrgnlFrqcy>
                <p:Tp>YEAR</p:Tp>
              </p:OrgnlFrqcy>
              <p:OrgnlRsn>
                <p:Cd>p:Cd</p:Cd>
              </p:OrgnlRsn>
            </p:AmdmntInfDtls>
            <p:ElctrncSgntr>p:ElctrncSgntr</p:ElctrncSgntr>
            <p:FrstColltnDt>2016-06-27</p:FrstColltnDt>
            <p:FnlColltnDt>2016-09-29</p:FnlColltnDt>
            <p:Frqcy>
              <p:Tp>YEAR</p:Tp>
            </p:Frqcy>
            <p:Rsn>
              <p:Cd>p:Cd</p:Cd>
            </p:Rsn>
          </p:MndtRltdInf>
          <p:PreNtfctnId>p:PreNtfctnId</p:PreNtfctnId>
          <p:PreNtfctnDt>2016-06-24</p:PreNtfctnDt>
        </p:DrctDbtTx>
        <p:DbtrAgt>
          <p:FinInstnId>
            <p:BICFI>STALNL2GXXX</p:BICFI>    
            <p:ClrSysMmbId>
              <p:ClrSysId>
                <p:Cd>p:Cd</p:Cd>
              </p:ClrSysId>
              <p:MmbId>p:MmbId</p:MmbId>
            </p:ClrSysMmbId>
            <p:Nm>p:Nm</p:Nm>
            <p:PstlAdr>
              <p:AdrTp>ADDR</p:AdrTp>
              <p:Dept>p:Dept</p:Dept>
              <p:SubDept>p:SubDept</p:SubDept>
              <p:StrtNm>Kingdom Street</p:StrtNm>
              <p:BldgNb>1</p:BldgNb>
              <p:PstCd>560061</p:PstCd>
              <p:TwnNm>Town</p:TwnNm>
              <p:CtrySubDvsn>KA</p:CtrySubDvsn>
              <p:Ctry>NL</p:Ctry>
              <p:AdrLine>p:AdrLine</p:AdrLine>
            </p:PstlAdr>
            <p:Othr>
              <p:Id>p:Id</p:Id>
              <p:SchmeNm>
                <p:Cd>p:Cd</p:Cd>
              </p:SchmeNm>
              <p:Issr>p:Issr</p:Issr>
            </p:Othr>
          </p:FinInstnId>
          <p:BrnchId>
            <p:Id>p:Id</p:Id>
            <p:Nm>p:Nm</p:Nm>
            <p:PstlAdr>
              <p:AdrTp>ADDR</p:AdrTp>
              <p:Dept>p:Dept</p:Dept>
              <p:SubDept>p:SubDept</p:SubDept>
              <p:StrtNm>Kingdom St</p:StrtNm>
              <p:BldgNb>1</p:BldgNb>
              <p:PstCd>560061</p:PstCd>
              <p:TwnNm>Bengaluru</p:TwnNm>
              <p:CtrySubDvsn>KA</p:CtrySubDvsn>
              <p:Ctry>NL</p:Ctry>
              <p:AdrLine>p:AdrLine</p:AdrLine>
            </p:PstlAdr>
          </p:BrnchId>
        </p:DbtrAgt>
        <p:DbtrAgtAcct>
          <p:Id>
            <p:IBAN>NL39RABO0300065264</p:IBAN>
          </p:Id>
          <p:Tp>
            <p:Cd>p:Cd</p:Cd>
          </p:Tp>
          <p:Ccy>EUR</p:Ccy>
          <p:Nm>p:Nm</p:Nm>
        </p:DbtrAgtAcct>
        <p:Dbtr>
          <p:Nm>p:Nm</p:Nm>
          <p:PstlAdr>
            <p:AdrTp>ADDR</p:AdrTp>
            <p:Dept>p:Dept</p:Dept>
            <p:SubDept>p:SubDept</p:SubDept>
            <p:StrtNm>Kingdom St</p:StrtNm>
            <p:BldgNb>1</p:BldgNb>
            <p:PstCd>560061</p:PstCd>
            <p:TwnNm>Bengaluru</p:TwnNm>
            <p:CtrySubDvsn>KA</p:CtrySubDvsn>
            <p:Ctry>NL</p:Ctry>
            <p:AdrLine>p:AdrLine</p:AdrLine>
          </p:PstlAdr>
          <p:Id>
            <p:OrgId>
              <p:AnyBIC>AAAAAAZ9</p:AnyBIC>
              <p:Othr>
                <p:Id>p:Id</p:Id>
                <p:SchmeNm>
                  <p:Cd>p:Cd</p:Cd>
                </p:SchmeNm>
                <p:Issr>p:Issr</p:Issr>
              </p:Othr>
            </p:OrgId>
          </p:Id>
          <p:CtryOfRes>NL</p:CtryOfRes>
          <p:CtctDtls>
            <p:NmPrfx>DOCT</p:NmPrfx>
            <p:Nm>p:Nm</p:Nm>
            <p:PhneNb>+91-111111111111</p:PhneNb>
            <p:MobNb>+91-111111111111</p:MobNb>
            <p:FaxNb>+91-111111111111</p:FaxNb>
            <p:EmailAdr>a@b.com</p:EmailAdr>
            <p:Othr>p:Othr</p:Othr>
          </p:CtctDtls>
        </p:Dbtr>
        <p:DbtrAcct>
          <p:Id>
            <p:IBAN>NL39RABO0300065264</p:IBAN>
          </p:Id>
          <p:Tp>
            <p:Cd>p:Cd</p:Cd>
          </p:Tp>
          <p:Ccy>EUR</p:Ccy>
          <p:Nm>p:Nm</p:Nm>
        </p:DbtrAcct>
        <p:UltmtDbtr>
          <p:Nm>p:Nm</p:Nm>
          <p:PstlAdr>
            <p:AdrTp>ADDR</p:AdrTp>
            <p:Dept>p:Dept</p:Dept>
            <p:SubDept>p:SubDept</p:SubDept>
            <p:StrtNm>Kingdom St</p:StrtNm>
            <p:BldgNb>1</p:BldgNb>
            <p:PstCd>560061</p:PstCd>
            <p:TwnNm>Bengaluru</p:TwnNm>
            <p:CtrySubDvsn>KA</p:CtrySubDvsn>
            <p:Ctry>NL</p:Ctry>
            <p:AdrLine>p:AdrLine</p:AdrLine>
          </p:PstlAdr>
          <p:Id>
            <p:OrgId>
              <p:AnyBIC>AAAAAAZ9</p:AnyBIC>
              <p:Othr>
                <p:Id>p:Id</p:Id>
                <p:SchmeNm>
                  <p:Cd>p:Cd</p:Cd>
                </p:SchmeNm>
                <p:Issr>p:Issr</p:Issr>
              </p:Othr>
            </p:OrgId>
          </p:Id>
          <p:CtryOfRes>NL</p:CtryOfRes>
          <p:CtctDtls>
            <p:NmPrfx>DOCT</p:NmPrfx>
            <p:Nm>p:Nm</p:Nm>
            <p:PhneNb>+91-111111111111</p:PhneNb>
            <p:MobNb>+91-111111111111</p:MobNb>
            <p:FaxNb>+91-111111111111</p:FaxNb>
            <p:EmailAdr>a@b.com</p:EmailAdr>
            <p:Othr>p:Othr</p:Othr>
          </p:CtctDtls>
        </p:UltmtDbtr>
        <p:InstrForCdtrAgt>p:InstrForCdtrAgt</p:InstrForCdtrAgt>
        <p:Purp>
          <p:Cd>p:Cd</p:Cd>
        </p:Purp>
        <p:RgltryRptg>
          <p:DbtCdtRptgInd>CRED</p:DbtCdtRptgInd>
          <p:Authrty>
            <p:Nm>p:Nm</p:Nm>
            <p:Ctry>NL</p:Ctry>
          </p:Authrty>
          <p:Dtls>
            <p:Tp>p:Tp</p:Tp>
            <p:Dt>2016-06-24</p:Dt>
            <p:Ctry>NL</p:Ctry>
            <p:Cd>p:Cd</p:Cd>
            <p:Amt Ccy="EUR">122.00</p:Amt>
            <p:Inf>p:Inf</p:Inf>
          </p:Dtls>
        </p:RgltryRptg>
        <p:Tax>
          <p:Cdtr>
            <p:TaxId>p:TaxId</p:TaxId>
            <p:RegnId>p:RegnId</p:RegnId>
            <p:TaxTp>p:TaxTp</p:TaxTp>
          </p:Cdtr>
          <p:Dbtr>
            <p:TaxId>p:TaxId</p:TaxId>
            <p:RegnId>p:RegnId</p:RegnId>
            <p:TaxTp>p:TaxTp</p:TaxTp>
            <p:Authstn>
              <p:Titl>p:Titl</p:Titl>
              <p:Nm>p:Nm</p:Nm>
            </p:Authstn>
          </p:Dbtr>
          <p:AdmstnZn>p:AdmstnZn</p:AdmstnZn>
          <p:RefNb>p:RefNb</p:RefNb>
          <p:Mtd>p:Mtd</p:Mtd>
          <p:TtlTaxblBaseAmt Ccy="EUR">10.0</p:TtlTaxblBaseAmt>
          <p:TtlTaxAmt Ccy="EUR">10.0</p:TtlTaxAmt>
          <p:Dt>2016-06-24</p:Dt>
          <p:SeqNb>0.0</p:SeqNb>
          <p:Rcrd>
            <p:Tp>p:Tp</p:Tp>
            <p:Ctgy>p:Ctgy</p:Ctgy>
            <p:CtgyDtls>p:CtgyDtls</p:CtgyDtls>
            <p:DbtrSts>p:DbtrSts</p:DbtrSts>
            <p:CertId>p:CertId</p:CertId>
            <p:FrmsCd>p:FrmsCd</p:FrmsCd>
            <p:Prd>
              <p:Yr>2016-06-24</p:Yr>
              <p:Tp>MM01</p:Tp>
              <p:FrToDt>
                <p:FrDt>2016-06-24</p:FrDt>
                <p:ToDt>2016-06-24</p:ToDt>
              </p:FrToDt>
            </p:Prd>
            <p:TaxAmt>
              <p:Rate>0.0</p:Rate>
              <p:TaxblBaseAmt Ccy="EUR">10.0</p:TaxblBaseAmt>
              <p:TtlAmt Ccy="EUR">10.0</p:TtlAmt>
              <p:Dtls>
                <p:Prd>
                  <p:Yr>2016-06-24</p:Yr>
                  <p:Tp>MM01</p:Tp>
                  <p:FrToDt>
                    <p:FrDt>2016-06-24</p:FrDt>
                    <p:ToDt>2016-06-24</p:ToDt>
                  </p:FrToDt>
                </p:Prd>
                <p:Amt Ccy="EUR">10.0</p:Amt>
              </p:Dtls>
            </p:TaxAmt>
            <p:AddtlInf>p:AddtlInf</p:AddtlInf>
          </p:Rcrd>
        </p:Tax>
        <p:RltdRmtInf>
          <p:RmtId>p:RmtId</p:RmtId>
          <p:RmtLctnDtls>
            <p:Mtd>FAXI</p:Mtd>
            <p:ElctrncAdr>p:ElctrncAdr</p:ElctrncAdr>
            <p:PstlAdr>
              <p:Nm>p:Nm</p:Nm>
              <p:Adr>
                <p:AdrTp>ADDR</p:AdrTp>
                <p:Dept>p:Dept</p:Dept>
                <p:SubDept>p:SubDept</p:SubDept>
                <p:StrtNm>Kingdom St</p:StrtNm>
                <p:BldgNb>1</p:BldgNb>
                <p:PstCd>560061</p:PstCd>
                <p:TwnNm>Bengaluru</p:TwnNm>
                <p:CtrySubDvsn>KA</p:CtrySubDvsn>
                <p:Ctry>NL</p:Ctry>
                <p:AdrLine>p:AdrLine</p:AdrLine>
              </p:Adr>
            </p:PstlAdr>
          </p:RmtLctnDtls>
        </p:RltdRmtInf>
        <p:RmtInf>
          <p:Ustrd>Airtel Bill payment autodebit</p:Ustrd>
          <p:Strd>
            <p:RfrdDocInf>
              <p:Tp>
                <p:CdOrPrtry>
                  <p:Cd>MSIN</p:Cd>
                </p:CdOrPrtry>
                <p:Issr>p:Issr</p:Issr>
              </p:Tp>
              <p:Nb>p:Nb</p:Nb>
              <p:RltdDt>2016-06-24</p:RltdDt>
            </p:RfrdDocInf>
            <p:RfrdDocAmt>
              <p:DuePyblAmt Ccy="EUR">122.00</p:DuePyblAmt>
              <p:DscntApldAmt>
                <p:Tp>
                  <p:Cd>p:Cd</p:Cd>
                </p:Tp>
                <p:Amt Ccy="EUR">122.00</p:Amt>
              </p:DscntApldAmt>
              <p:CdtNoteAmt Ccy="EUR">10.0</p:CdtNoteAmt>
              <p:TaxAmt>
                <p:Tp>
                  <p:Cd>p:Cd</p:Cd>
                </p:Tp>
                <p:Amt Ccy="EUR">122.00</p:Amt>
              </p:TaxAmt>
              <p:AdjstmntAmtAndRsn>
                <p:Amt Ccy="EUR">10.0</p:Amt>
                <p:CdtDbtInd>CRDT</p:CdtDbtInd>
                <p:Rsn>1111</p:Rsn>
                <p:AddtlInf>p:AddtlInf</p:AddtlInf>
              </p:AdjstmntAmtAndRsn>
              <p:RmtdAmt Ccy="EUR">10.0</p:RmtdAmt>
            </p:RfrdDocAmt>
            <p:CdtrRefInf>
              <p:Tp>
                <p:CdOrPrtry>
                  <p:Cd>RADM</p:Cd>
                </p:CdOrPrtry>
                <p:Issr>p:Issr</p:Issr>
              </p:Tp>
              <p:Ref>p:Ref</p:Ref>
            </p:CdtrRefInf>
            <p:Invcr>
              <p:Nm>p:Nm</p:Nm>
              <p:PstlAdr>
                <p:AdrTp>ADDR</p:AdrTp>
                <p:Dept>p:Dept</p:Dept>
                <p:SubDept>p:SubDept</p:SubDept>
                <p:StrtNm>Kingdom St</p:StrtNm>
                <p:BldgNb>1</p:BldgNb>
                <p:PstCd>560061</p:PstCd>
                <p:TwnNm>Bengaluru</p:TwnNm>
                <p:CtrySubDvsn>KA</p:CtrySubDvsn>
                <p:Ctry>NL</p:Ctry>
                <p:AdrLine>p:AdrLine</p:AdrLine>
              </p:PstlAdr>
              <p:Id>
                <p:OrgId>
                  <p:AnyBIC>AAAAAAZ9</p:AnyBIC>
                  <p:Othr>
                    <p:Id>p:Id</p:Id>
                    <p:SchmeNm>
                      <p:Cd>p:Cd</p:Cd>
                    </p:SchmeNm>
                    <p:Issr>p:Issr</p:Issr>
                  </p:Othr>
                </p:OrgId>
              </p:Id>
              <p:CtryOfRes>NL</p:CtryOfRes>
              <p:CtctDtls>
                <p:NmPrfx>DOCT</p:NmPrfx>
                <p:Nm>p:Nm</p:Nm>
                <p:PhneNb>+91-111111111111</p:PhneNb>
                <p:MobNb>+91-111111111111</p:MobNb>
                <p:FaxNb>+91-111111111111</p:FaxNb>
                <p:EmailAdr>a@b.com</p:EmailAdr>
                <p:Othr>p:Othr</p:Othr>
              </p:CtctDtls>
            </p:Invcr>
            <p:Invcee>
              <p:Nm>p:Nm</p:Nm>
              <p:PstlAdr>
                <p:AdrTp>ADDR</p:AdrTp>
                <p:Dept>p:Dept</p:Dept>
                <p:SubDept>p:SubDept</p:SubDept>
                <p:StrtNm>Kingdom St</p:StrtNm>
                <p:BldgNb>1</p:BldgNb>
                <p:PstCd>560061</p:PstCd>
                <p:TwnNm>Bengaluru</p:TwnNm>
                <p:CtrySubDvsn>KA</p:CtrySubDvsn>
                <p:Ctry>NL</p:Ctry>
                <p:AdrLine>p:AdrLine</p:AdrLine>
              </p:PstlAdr>
              <p:Id>
                <p:OrgId>
                  <p:AnyBIC>AAAAAAZ9</p:AnyBIC>
                  <p:Othr>
                    <p:Id>p:Id</p:Id>
                    <p:SchmeNm>
                      <p:Cd>p:Cd</p:Cd>
                    </p:SchmeNm>
                    <p:Issr>p:Issr</p:Issr>
                  </p:Othr>
                </p:OrgId>
              </p:Id>
              <p:CtryOfRes>NL</p:CtryOfRes>
              <p:CtctDtls>
                <p:NmPrfx>DOCT</p:NmPrfx>
                <p:Nm>p:Nm</p:Nm>
                <p:PhneNb>+91-111111111111</p:PhneNb>
                <p:MobNb>+91-111111111111</p:MobNb>
                <p:FaxNb>+91-111111111111</p:FaxNb>
                <p:EmailAdr>a@b.com</p:EmailAdr>
                <p:Othr>p:Othr</p:Othr>
              </p:CtctDtls>
            </p:Invcee>
            <p:TaxRmt>
              <p:Cdtr>
                <p:TaxId>p:TaxId</p:TaxId>
                <p:RegnId>p:RegnId</p:RegnId>
                <p:TaxTp>p:TaxTp</p:TaxTp>
              </p:Cdtr>
              <p:Dbtr>
                <p:TaxId>p:TaxId</p:TaxId>
                <p:RegnId>p:RegnId</p:RegnId>
                <p:TaxTp>p:TaxTp</p:TaxTp>
                <p:Authstn>
                  <p:Titl>p:Titl</p:Titl>
                  <p:Nm>p:Nm</p:Nm>
                </p:Authstn>
              </p:Dbtr>
              <p:UltmtDbtr>
                <p:TaxId>p:TaxId</p:TaxId>
                <p:RegnId>p:RegnId</p:RegnId>
                <p:TaxTp>p:TaxTp</p:TaxTp>
                <p:Authstn>
                  <p:Titl>p:Titl</p:Titl>
                  <p:Nm>p:Nm</p:Nm>
                </p:Authstn>
              </p:UltmtDbtr>
              <p:AdmstnZone>p:AdmstnZone</p:AdmstnZone>
              <p:RefNb>p:RefNb</p:RefNb>
              <p:Mtd>p:Mtd</p:Mtd>
              <p:TtlTaxblBaseAmt Ccy="EUR">10.0</p:TtlTaxblBaseAmt>
              <p:TtlTaxAmt Ccy="EUR">10.0</p:TtlTaxAmt>
              <p:Dt>2016-06-24</p:Dt>
              <p:SeqNb>0.0</p:SeqNb>
              <p:Rcrd>
                <p:Tp>p:Tp</p:Tp>
                <p:Ctgy>p:Ctgy</p:Ctgy>
                <p:CtgyDtls>p:CtgyDtls</p:CtgyDtls>
                <p:DbtrSts>p:DbtrSts</p:DbtrSts>
                <p:CertId>p:CertId</p:CertId>
                <p:FrmsCd>p:FrmsCd</p:FrmsCd>
                <p:Prd>
                  <p:Yr>2016-06-24</p:Yr>
                  <p:Tp>MM01</p:Tp>
                  <p:FrToDt>
                    <p:FrDt>2016-06-24</p:FrDt>
                    <p:ToDt>2016-06-24</p:ToDt>
                  </p:FrToDt>
                </p:Prd>
                <p:TaxAmt>
                  <p:Rate>0.0</p:Rate>
                  <p:TaxblBaseAmt Ccy="EUR">10.0</p:TaxblBaseAmt>
                  <p:TtlAmt Ccy="EUR">122.00</p:TtlAmt>
                  <p:Dtls>
                    <p:Prd>
                      <p:Yr>2016-06-24</p:Yr>
                      <p:Tp>MM01</p:Tp>
                      <p:FrToDt>
                        <p:FrDt>2016-06-24</p:FrDt>
                        <p:ToDt>2016-06-24</p:ToDt>
                      </p:FrToDt>
                    </p:Prd>
                    <p:Amt Ccy="EUR">10.0</p:Amt>
                  </p:Dtls>
                </p:TaxAmt>
                <p:AddtlInf>p:AddtlInf</p:AddtlInf>
              </p:Rcrd>
            </p:TaxRmt>
            <p:GrnshmtRmt>
              <p:Tp>
                <p:CdOrPrtry>
                  <p:Cd>p:Cd</p:Cd>
                </p:CdOrPrtry>
                <p:Issr>p:Issr</p:Issr>
              </p:Tp>
              <p:Grnshee>
                <p:Nm>p:Nm</p:Nm>
                <p:PstlAdr>
                  <p:AdrTp>ADDR</p:AdrTp>
                  <p:Dept>p:Dept</p:Dept>
                  <p:SubDept>p:SubDept</p:SubDept>
                  <p:StrtNm>Kingdom St</p:StrtNm>
                  <p:BldgNb>1</p:BldgNb>
                  <p:PstCd>560061</p:PstCd>
                  <p:TwnNm>Bengaluru</p:TwnNm>
                  <p:CtrySubDvsn>KA</p:CtrySubDvsn>
                  <p:Ctry>NL</p:Ctry>
                  <p:AdrLine>p:AdrLine</p:AdrLine>
                </p:PstlAdr>
                <p:Id>
                  <p:OrgId>
                    <p:AnyBIC>AAAAAAZ9</p:AnyBIC>
                    <p:Othr>
                      <p:Id>p:Id</p:Id>
                      <p:SchmeNm>
                        <p:Cd>p:Cd</p:Cd>
                      </p:SchmeNm>
                      <p:Issr>p:Issr</p:Issr>
                    </p:Othr>
                  </p:OrgId>
                </p:Id>
                <p:CtryOfRes>NL</p:CtryOfRes>
                <p:CtctDtls>
                  <p:NmPrfx>MIST</p:NmPrfx>
                  <p:Nm>ContactPersonName</p:Nm>
                  <p:PhneNb>+91-111111111111</p:PhneNb>
                  <p:MobNb>+91-111111111111</p:MobNb>
                  <p:FaxNb>+91-111111111111</p:FaxNb>
                  <p:EmailAdr>a@b.com</p:EmailAdr>
                  <p:Othr>p:Othr</p:Othr>
                </p:CtctDtls>
              </p:Grnshee>
              <p:GrnshmtAdmstr>
                <p:Nm>GrnshmtAdmstrNm</p:Nm>
                <p:PstlAdr>
                  <p:AdrTp>ADDR</p:AdrTp>
                  <p:Dept>p:Dept</p:Dept>
                  <p:SubDept>p:SubDept</p:SubDept>
                  <p:StrtNm>Kingdom St</p:StrtNm>
                  <p:BldgNb>1</p:BldgNb>
                  <p:PstCd>560061</p:PstCd>
                  <p:TwnNm>Bengaluru</p:TwnNm>
                  <p:CtrySubDvsn>KA</p:CtrySubDvsn>
                  <p:Ctry>NL</p:Ctry>
                  <p:AdrLine>p:AdrLine</p:AdrLine>
                </p:PstlAdr>
                <p:Id>
                  <p:OrgId>
                    <p:AnyBIC>AAAAAAZ9</p:AnyBIC>
                    <p:Othr>
                      <p:Id>p:Id</p:Id>
                      <p:SchmeNm>
                        <p:Cd>p:Cd</p:Cd>
                      </p:SchmeNm>
                      <p:Issr>p:Issr</p:Issr>
                    </p:Othr>
                  </p:OrgId>
                </p:Id>
                <p:CtryOfRes>NL</p:CtryOfRes>
                <p:CtctDtls>
                  <p:NmPrfx>DOCT</p:NmPrfx>
                  <p:Nm>p:Nm</p:Nm>
                  <p:PhneNb>+91-111111111111</p:PhneNb>
                  <p:MobNb>+91-111111111111</p:MobNb>
                  <p:FaxNb>+91-111111111111</p:FaxNb>
                  <p:EmailAdr>a@b.com</p:EmailAdr>
                  <p:Othr>p:Othr</p:Othr>
                </p:CtctDtls>
              </p:GrnshmtAdmstr>
              <p:RefNb>p:RefNb</p:RefNb>
              <p:Dt>2016-06-24</p:Dt>
              <p:RmtdAmt Ccy="EUR">5.0</p:RmtdAmt>
              <p:FmlyMdclInsrncInd>true</p:FmlyMdclInsrncInd>
              <p:MplyeeTermntnInd>true</p:MplyeeTermntnInd>
            </p:GrnshmtRmt>
            <p:AddtlRmtInf>p:AddtlRmtInf</p:AddtlRmtInf>
          </p:Strd>
        </p:RmtInf>
    <p:SplmtryData>
      <p:PlcAndNm>p:PlcAndNm</p:PlcAndNm>
      <p:Envlp>
        <ANY-ELEMENT/>
      </p:Envlp>
    </p:SplmtryData>
      </p:DrctDbtTxInf>
</p:PmtInf>   
    <p:SplmtryData>
      <p:PlcAndNm>p:PlcAndNm</p:PlcAndNm>
      <p:Envlp>
        <ANY-ELEMENT/>
      </p:Envlp>
    </p:SplmtryData>
  </p:CstmrDrctDbtInitn>
</p:Document>